<record><leader>00000cas a2200000 a 4500</leader><controlfield tag="001">11679124</controlfield><controlfield tag="008">850209d19581961hiuwr ne      0    0eng d</controlfield><datafield ind1=" " ind2=" " tag="010"><subfield code="a">sn 85047009 </subfield></datafield><datafield ind1=" " ind2=" " tag="040"><subfield code="a">HUH</subfield><subfield code="b">eng</subfield><subfield code="c">HUH</subfield><subfield code="d">HWN</subfield><subfield code="d">OCL</subfield><subfield code="d">OCLCG</subfield><subfield code="d">OCLCQ</subfield></datafield><datafield ind1=" " ind2=" " tag="042"><subfield code="a">msc</subfield></datafield><datafield ind1=" " ind2=" " tag="043"><subfield code="a">n-us-hi</subfield></datafield><datafield ind1=" " ind2=" " tag="090"><subfield code="a">AN2</subfield><subfield code="b">.H3515</subfield></datafield><datafield ind1="0" ind2=" " tag="130"><subfield code="a">Pali press (Kailua, Oahu, Hawaii : 1958)</subfield></datafield><datafield ind1="1" ind2="4" tag="245"><subfield code="a">The Pali press.</subfield></datafield><datafield ind1=" " ind2=" " tag="260"><subfield code="a">[Kailua, Hawaii :</subfield><subfield code="b">Pali Pub. Co.],</subfield><subfield code="c">1958-1961.</subfield></datafield><datafield ind1=" " ind2=" " tag="300"><subfield code="a">4 v. :</subfield><subfield code="b">ill. ;</subfield><subfield code="c">40-60 cm.</subfield></datafield><datafield ind1=" " ind2=" " tag="310"><subfield code="a">Weekly</subfield></datafield><datafield ind1="1" ind2=" " tag="362"><subfield code="a">Vol. 1, no. 1 (June 13, 1958)-</subfield></datafield><datafield ind1="1" ind2=" " tag="362"><subfield code="a">Ceased with v. 4, no. 10 (Mar. 8, 1961).</subfield></datafield><datafield ind1=" " ind2=" " tag="500"><subfield code="a">"Windward Oahu's finest and largest newspaper."</subfield></datafield><datafield ind1=" " ind2=" " tag="500"><subfield code="a">Editor: S. Fern.</subfield></datafield><datafield ind1=" " ind2="0" tag="651"><subfield code="a">Windward Oahu Region (Hawaii)</subfield><subfield code="v">Periodicals.</subfield></datafield><datafield ind1="1" ind2=" " tag="700"><subfield code="a">Fern, Stewart,</subfield><subfield code="d">1913-2001.</subfield></datafield><datafield ind1=" " ind2=" " tag="752"><subfield code="a">United States</subfield><subfield code="b">Hawaii</subfield><subfield code="c">Honolulu</subfield><subfield code="d">Kailua.</subfield></datafield><datafield ind1="0" ind2="7" tag="785"><subfield code="t">Kaneohe citizen</subfield></datafield><datafield ind1="0" ind2="7" tag="785"><subfield code="t">Pali press and Kaneohe citizen</subfield><subfield code="w">(DLC)sn 85047010</subfield><subfield code="w">(OCoLC)11679152</subfield></datafield><datafield ind1="1" ind2=" " tag="029"><subfield code="a">AU@</subfield><subfield code="b">000025835114</subfield></datafield></record>